@article{PhysRevE.98.043103,
  title = {Trapping of plasma enabled by pycnoclinic acoustic force},
  author = {Koulakis, John P. and Pree, Seth and Thornton, Alexander L. F. and Putterman, Seth},
  journal = {Phys. Rev. E},
  volume = {98},
  issue = {4},
  pages = {043103},
  numpages = {6},
  year = {2018},
  month = {Oct},
  publisher = {American Physical Society},
  doi = {10.1103/PhysRevE.98.043103},
  url = {https://link.aps.org/doi/10.1103/PhysRevE.98.043103}
}
