@book{kundu,
  title = {Fluid Mechanics},
  author = {Pijush K. Kundu and Ira M. Cohen and David R. Dowling},
  year = {2016}, 
  publisher = {Elsevier},
}
